@article{greenwade93,
    author  = "George D. Greenwade",
    title   = "The {C}omprehensive {T}ex {A}rchive {N}etwork ({CTAN})",
    year    = "1993",
    journal = "TUGBoat",
    volume  = "14",
    number  = "3",
    pages   = "342--351"
}
@misc{omerdawelbeit,
    author = {{Omer Dawelbeit}},
    title = {Getting Started with Kubernetes on Google Container Engine},
    url = {http://omerio.com/wp-content/uploads/2016/01/Graphviz-app-Container-Engine-Cluster.png}
}
@misc{docker,
    title = {Docker Documentations},
    url = {https://docs.docker.com/}
}
@misc{kubernetes,
    title = {Kubernetes Documentations},
    url = {https://kubernetes.io/docs/home/}
}
@misc{containersql,
    title = {Connecting from Google Container Engine},
    url = {https://cloud.google.com/sql/docs/postgres/connect-container-engine}
}